%------------------------------------------------------------------------------
%                                                   Introduction: Notifications
%------------------------------------------------------------------------------

@article{McCrickard2003509,
  title = "Introduction: design and evaluation of notification user interfaces",
  journal = "International Journal of Human-Computer Studies ",
  volume = "58",
  number = "5",
  pages = "509 - 514",
  year = "2003",
  note = "<ce:title>Notification User Interfaces</ce:title> ",
  issn = "1071-5819",
  doi = "10.1016/S1071-5819(03)00025-9",
  url = "http://www.sciencedirect.com/science/article/pii/S1071581903000259",
  author = "D.Scott McCrickard and Mary Czerwinski and Lyn Bartram",
  keywords = "Notification systems",
  keywords = "Empirical studies",
  keywords = "Awareness "
}

@article{cutrell2001notification,
  title={Notification, disruption, and memory: Effects of messaging interruptions on memory and performance},
  author={Cutrell, Edward and Czerwinski, Mary and Horvitz, Eric},
  year={2001},
  publisher={Citeseer}
}

@inproceedings{leetiernan2001effective,
  title={Effective notification systems depend on user trust},
  author={LeeTiernan, Scott and Cutrell, Edward and Czerwinski, Mary and Hoffman, Hunter},
  booktitle={Proceedings of Human-Computer Interaction--Interact},
  year={2001}
}

@article{lazar2007frustrates,
  title={What frustrates screen reader users on the web: A study of 100 blind users},
  author={Lazar, Jonathan and Allen, Aaron and Kleinman, Jason and Malarkey, Chris},
  journal={International Journal of human-computer interaction},
  volume={22},
  number={3},
  pages={247--269},
  year={2007},
  publisher={Taylor \& Francis}
}

@inproceedings{maltz2000cue,
  title={Cue utilization in a visually demanding task},
  author={Maltz, Masha and Meyer, Joachim},
  booktitle={Proceedings of the Human Factors and Ergonomics Society Annual Meeting},
  volume={44},
  number={1},
  pages={283--283},
  year={2000},
  organization={SAGE Publications}
}

@ONLINE{shannan2010audiology,
  author = {Shannan, Brian},
  title = {Audiology Update},
  month = nov,
  year = {2010},
  url = {http://www.ssc.education.ed.ac.uk/courses/deaf/dnov10i.html}
}

@article{mccrickard2003introduction,
  title={Introduction: design and evaluation of notification user interfaces},
  author={McCrickard, D Scott and Czerwinski, Mary and Bartram, Lyn},
  journal={International Journal of Human-Computer Studies},
  volume={58},
  number={5},
  pages={509--514},
  year={2003},
  publisher={Elsevier}
}

%------------------------------------------------------------------------------
%                                   Background : Binaural Audio Implementations
%------------------------------------------------------------------------------
@techreport{shilling2000virtual,
  title={Virtual auditory displays},
  author={Shilling, Russell D and Shinn-Cunningham, Barbara},
  year={2000},
  institution={DTIC Document}
}

@inproceedings{huopaniemi1996hrtf,
  title={HRTF filter design based on auditory criteria},
  author={Huopaniemi, Jyri and Karjalainen, Matti},
  booktitle={Proc. Nordic Acoustical Meeting (NAMÕ96)},
  pages={323--330},
  year={1996}
}

@inproceedings{jackson2013use,
  title={Use of 3D Head Shape for Personalized Binaural Audio},
  author={Jackson, Philip JB and Desiraju, Naveen},
  booktitle={Audio Engineering Society Conference: 49th International Conference: Audio for Games},
  year={2013}
}

@inproceedings{zotkin2003hrtf,
  title={HRTF personalization using anthropometric measurements},
  author={Zotkin, DYN and Hwang, Jane and Duraiswaini, R and Davis, Larry S},
  booktitle={Applications of Signal Processing to Audio and Acoustics, 2003 IEEE Workshop on.},
  pages={157--160},
  year={2003},
  organization={Ieee}
}

% Microsoft Research | Head Tracking
@inproceedings{song2010personal,
  title={Personal 3D audio system with loudspeakers},
  author={Song, Myung-Suk and Zhang, Cha and Florencio, Dinei and Kang, Hong-Goo},
  booktitle={Multimedia and Expo (ICME), 2010 IEEE International Conference on},
  pages={1600--1605},
  year={2010},
  organization={IEEE}
}

@article{wenzel1993localization,
  title={Localization using nonindividualized head-related transfer functions},
  author={Wenzel, Elizabeth M and Arruda, Marianne and Kistler, Doris J and Wightman, Frederic L},
  journal={The Journal of the Acoustical Society of America},
  volume={94},
  pages={111},
  year={1993}
}


@inproceedings{algazi2001cipic,
  title={The cipic hrtf database},
  author={Algazi, V Ralph and Duda, Richard O and Thompson, Dennis M and Avendano, Carlos},
  booktitle={Applications of Signal Processing to Audio and Acoustics, 2001 IEEE Workshop on the},
  pages={99--102},
  year={2001},
  organization={IEEE}
}

% Mechanics ---
@inproceedings{brown1997efficient,
  title={An efficient HRTF model for 3-D sound},
  author={Brown, C Phillip and Duda, Richard O},
  booktitle={Applications of Signal Processing to Audio and Acoustics, 1997. 1997 IEEE ASSP Workshop on},
  pages={4--pp},
  year={1997},
  organization={IEEE}
}

@article{gardner1995hrtf,
  title={HRTF measurements of a KEMAR},
  author={Gardner, William G and Martin, Keith D},
  journal={The Journal of the Acoustical Society of America},
  volume={97},
  pages={3907},
  year={1995}
}

@book{gardner19983,
  title={3-D audio using loudspeakers},
  author={Gardner, William G},
  year={1998},
  publisher={Kluwer Academic Pub}
}


@inproceedings{gardner1997head,
  title={Head tracked 3-d audio using loudspeakers},
  author={Gardner, William G},
  booktitle={Applications of Signal Processing to Audio and Acoustics, 1997. 1997 IEEE ASSP Workshop on},
  pages={4--pp},
  year={1997},
  organization={IEEE}
}


%------------------------------------------------------------------------------
%                                                 Related :  Interface Elements
%------------------------------------------------------------------------------

@inproceedings{bigham2008webanywhere,
 author = {Bigham, Jeffrey P. and Prince, Craig M. and Ladner, Richard E.},
 title = {WebAnywhere: a screen reader on-the-go},
 booktitle = {Proceedings of the 2008 international cross-disciplinary conference on Web accessibility (W4A)},
 series = {W4A '08},
 year = {2008},
 isbn = {978-1-60558-153-8},
 location = {Beijing, China},
 pages = {73--82},
 numpages = {10},
 url = {http://doi.acm.org/10.1145/1368044.1368060},
 doi = {10.1145/1368044.1368060},
 acmid = {1368060},
 publisher = {ACM},
 address = {New York, NY, USA},
 keywords = {WebAnywhere, blind users, screen reader, web accessibility}
}

@inproceedings{raman1996emacspeak,
  title={Emacspeak—direct speech access},
  author={Raman, TV},
  booktitle={Proceedings of the second annual ACM conference on Assistive technologies},
  pages={32--36},
  year={1996},
  organization={ACM}
}



@article{baecker1987human,
  title={Human-computer interaction},
  author={Baecker, Ronald M and Buxton, William A.S.},
  journal={A multidisciplinary up},
  year={1987}
}

@inproceedings{ghomi2012using,
  title={Using rhythmic patterns as an input method},
  author={Ghomi, Emilien and Faure, Guillaume and Huot, St{\'e}phane and Chapuis, Olivier and Beaudouin-Lafon, Michel},
  booktitle={Proceedings of the 2012 ACM annual conference on Human Factors in Computing Systems},
  pages={1253--1262},
  year={2012},
  organization={ACM}
}

%                                                                Element Design
%------------------------------------------------------------------------------
@inproceedings{horvitz1999principles,
  title={Principles of mixed-initiative user interfaces},
  author={Horvitz, Eric},
  booktitle={Proceedings of the SIGCHI conference on Human factors in computing systems: the CHI is the limit},
  pages={159--166},
  year={1999},
  organization={ACM}
}

@article{gajosbeyond,
  title={Beyond Feature Relevance: Incorporating Rich User Feedback Into Interactive Machine Learning Applications},
  author={Gajos, Krzysztof Z}
}

%                                                         Audible Notifications
%------------------------------------------------------------------------------
@inproceedings{arons1991hyperspeech,
  title={Hyperspeech: Navigating in speech-only hypermedia},
  author={Arons, Barry},
  booktitle={Proceedings of the third annual ACM conference on Hypertext},
  pages={133--146},
  year={1991},
  organization={ACM}
}

@inproceedings{hansson2001subtle,
  title={Subtle and public notification cues for mobile devices},
  author={Hansson, Rebecca and Ljungstrand, Peter and Redstr{\"o}m, Johan},
  booktitle={Ubicomp 2001: Ubiquitous Computing},
  pages={240--246},
  year={2001},
  organization={Springer}
}

@inproceedings{sawhney1999nomadic,
  title={Nomadic radio: scaleable and contextual notification for wearable audio messaging},
  author={Sawhney, Nitin and Schmandt, Chris},
  booktitle={Proceedings of the SIGCHI conference on Human factors in computing systems},
  pages={96--103},
  year={1999},
  organization={ACM}
}

%                                                           Using 3D Interfaces
%------------------------------------------------------------------------------
@conference{casey1995vision,
    title={Vision Steered Beam-Forming and Transaural Rendering for the Artificial Life Interactive Video Environment (ALIVE)},
    author={Casey, Michael A. and Gardner, William G. and Basu, Sumit},
    booktitle={Audio Engineering Society Convention 99},
    month={10},
    year={1995},
    url={http://www.aes.org/e-lib/browse.cfm?elib=7714}
}

@inproceedings{goose19993dAudio,
  title={A 3D audio only interactive Web browser: using spatialization to convey hypermedia document structure},
  author={Goose, Stuart and M{\"o}ller, Carsten},
  booktitle={Proceedings of the seventh ACM international conference on Multimedia (Part 1)},
  pages={363--371},
  year={1999},
  organization={ACM}
}

@incollection{marentakis2004study,
  title={A study on gestural interaction with a 3d audio display},
  author={Marentakis, Georgios and Brewster, Stephen A},
  booktitle={Mobile Human-Computer Interaction-MobileHCI 2004},
  pages={180--191},
  year={2004},
  publisher={Springer}
}

@article{nambu2013estimating,
  title={Estimating the Intended Sound Direction of the User: Toward an Auditory Brain-Computer Interface Using Out-of-Head Sound Localization},
  author={Nambu, Isao and Ebisawa, Masashi and Kogure, Masumi and Yano, Shohei and Hokari, Haruhide and Wada, Yasuhiro},
  journal={PloS one},
  volume={8},
  number={2},
  pages={e57174},
  year={2013},
  publisher={Public Library of Science}
}

@conference{jackson2013use,
    title={Use of 3D Head Shape for Personalized Binaural Audio},
    author={Jackson, Philip J. B.; Desiraju, Naveen},
    booktitle={Audio Engineering Society Conference: 49th International Conference: Audio for Games},
    month={2},
    year={2013},
    url={http://www.aes.org/e-lib/browse.cfm?elib=16661}
    }


@conference{behler2004dynamic,
    title={Dynamic Cross-Talk Cancellation for Binaural Synthesis in Virtual Reality Environments},
    author={Behler, Gottfried; Lentz, Tobias},
    booktitle={Audio Engineering Society Convention 117},
    month={10},
    year={2004},
    url={http://www.aes.org/e-lib/browse.cfm?elib=12972}
    }



%                                                    Difficulties with 3D Audio
%------------------------------------------------------------------------------
@article{kyriakakis1998fundamental,
  title={Fundamental and technological limitations of immersive audio systems},
  author={Kyriakakis, Chris},
  journal={Proceedings of the IEEE},
  volume={86},
  number={5},
  pages={941--951},
  year={1998},
  publisher={IEEE}
}

%                                                         Accessible Interfaces
%------------------------------------------------------------------------------
@inproceedings{roth2000audio,
  title={Audio-haptic internet browser and associated tools for blind and visually impaired computer users},
  author={Roth, Patrick and Petrucci, Lori Stefano and Assimacopoulos, Andr{\'e} and Pun, Thierry},
  booktitle={Workshop on friendly exchanging through the net},
  pages={22--24},
  year={2000},
  organization={Citeseer}
}

@article{yu2006novel,
  title={A novel multimodal interface for improving visually impaired peopleÕs web accessibility},
  author={Yu, Wai and Kuber, Ravi and Murphy, Emma and Strain, Philip and McAllister, Graham},
  journal={Virtual Reality},
  volume={9},
  number={2-3},
  pages={133--148},
  year={2006},
  publisher={Springer}
}

@inproceedings{jeon2012listen2droom,
    title={Listen2dRoom: helping blind individuals understand room layouts},
    author={Jeon, Myounghoon and Nazneen, Nazneen and Akanser, Ozum and Ayala-Acevedo, Abner and Walker, Bruce},
    booktitle={Proceedings of the 2012 ACM annual conference extended abstracts on Human Factors in Computing Systems Extended Abstracts},
     pages={1577--1582},
     year={2012},
     organization={ACM}
}

@incollection{walker2009spearcon,
    title={Spearcon performance and preference for auditory menus on a mobile phone},
      author={Walker, Bruce N and Kogan, Anya},
        booktitle={Universal Access in Human-Computer Interaction. Intelligent and Ubiquitous Interaction Environments},
          pages={445--454},
            year={2009},
              publisher={Springer}
}

@inproceedings{jeon2009enhanced,
    title={Enhanced auditory menu cues improve dual task performance and are preferred with in-vehicle technologies},
      author={Jeon, Myounghoon and Davison, Benjamin K and Nees, Michael A and Wilson, Jeff and Walker, Bruce N},
        booktitle={Proceedings of the 1st International Conference on Automotive User Interfaces and Interactive Vehicular Applications},
          pages={91--98},
            year={2009},
              organization={ACM}
}
%                                                              Particle Filters
%------------------------------------------------------------------------------
@incollection{hightower2004particle,
  title={Particle filters for location estimation in ubiquitous computing: A case study},
  author={Hightower, Jeffrey and Borriello, Gaetano},
  booktitle={UbiComp 2004: Ubiquitous Computing},
  pages={88--106},
  year={2004},
  publisher={Springer}
}



%------------------------------------------------------------------------------
%                                                      Psychology of Interfaces
%------------------------------------------------------------------------------

% Mental Model: AuPair (pandora-ish) engine
@inproceedings{kulesza2012tell,
  title={Tell me more?: the effects of mental model soundness on personalizing an intelligent agent},
  author={Kulesza, Todd and Stumpf, Simone and Burnett, Margaret and Kwan, Irwin},
  booktitle={Proceedings of the 2012 ACM annual conference on Human Factors in Computing Systems},
  pages={1--10},
  year={2012},
  organization={ACM}
}


% UI: Disappearing Screen
@article{michelis2008disappearing,
  title={The disappearing screen: scenarios for audible interfaces},
  author={Michelis, Daniel and Resatsch, Florian and Nicolai, Thomas and Schildhauer, Thomas},
  journal={Personal and Ubiquitous Computing},
  volume={12},
  number={1},
  pages={27--33},
  year={2008},
  publisher={Springer}
}

% Mental Model
@inproceedings{patel2006effects,
  title={The effects of fully immersive virtual reality on the learning of physical tasks},
  author={Patel, Kayur and Bailenson, Jeremy N and Hack-Jung, Sang and Diankov, Rosen and Bajcsy, Ruzena},
  booktitle={Proceedings of the 9th Annual International Workshop on Presence, Ohio, USA},
  pages={87--94},
  year={2006}
}

@inproceedings{patel2006personalizing,
  title={Personalizing routes},
  author={Patel, Kayur and Chen, Mike Y and Smith, Ian and Landay, James A},
  booktitle={Proceedings of the 19th annual ACM symposium on User interface software and technology},
  pages={187--190},
  year={2006},
  organization={ACM}
}

@article{lasecki2013warping,
  title={Warping Time for More Effective Real-Time Crowdsourcing},
  author={Lasecki, Walter S and Miller, Christopher D and Bigham, Jeffrey P},
  year={2013}
}

@article{kieras1984role,
  title={The role of a mental model in learning to operate a device},
  author={Kieras, David E and Bovair, Susan},
  journal={Cognitive science},
  volume={8},
  number={3},
  pages={255--273},
  year={1984},
  publisher={Elsevier}
}

%------------------------------------------------------------------------------
%                                       Textbooks on Human Computer Interaction
%------------------------------------------------------------------------------
@book{wickens2004intro,
  title = {An Introduction to Human Factors Engineering.},
  author = { Wickens, Christopher D. and John D. Lee and Yili Liu and Sallie E. Gordon Becker},
  year = {2004},
  publisher={Pearson Prentice Hall}
} %pages : 185–193.

%------------------------------------------------------------------------------
%                                          Textbooks on 3D Audio (Introduction)
%------------------------------------------------------------------------------
@book{yost1987directional,
  title={Directional hearing},
  author={Yost, William A and Gourevitch, George},
  year={1987},
  publisher={springer-Verlag New York}
}

@book{blauert1997spatial,
  title={Spatial hearing: the psychophysics of human sound localization},
  author={Blauert, Jens},
  year={1997},
  publisher={The MIT press}
}
@article{gardner1995transaural,
  title={Transaural 3-D audio},
  author={Gardner, William G.},
  journal={M.I.T Media Laboratory Perceptual Computing Section Technical Report},
  number={342},
  year={1995},
  publisher={The MIT press}
}

@article{schroeder1963computer,
  title={Computer simulation of sound transmission in rooms},
  author={Schroeder, MR and Atal, BS},
  journal={Proceedings of the IEEE},
  volume={51},
  number={3},
  pages={536--537},
  year={1963},
  publisher={IEEE}
}

@article{schroeder1970digital,
  title={Digital simulation of sound transmission in reverberant spaces},
  author={Schroeder, Manfred R},
  journal={The Journal of the Acoustical Society of America},
  volume={47},
  pages={424},
  year={1970}
}

@article{lentz2006dynamic,
  title={Dynamic crosstalk cancellation for binaural synthesis in virtual reality environments},
  author={Lentz, Tobias},
  journal={Journal of the Audio Engineering Society},
  volume={54},
  number={4},
  pages={283--294},
  year={2006}
}
%------------------------------------------------------------------------------
%                                                               Binaural Trivia
%------------------------------------------------------------------------------
@inproceedings{jost2000transaural,
  title={Transaural 3D Audio With User-Controlled Calibration},
  author={Jost, Adrian and Jot, Jean-Marc},
  booktitle={Proc. Of the COST G-6 Conference on Digital Audio Effects (DAFx-00), Verona, Italy},
  year={2000}
}






%------------------------------------------------------------------------------
%                                                                   Future Work
%------------------------------------------------------------------------------
%                                                                       Culture
%------------------------------------------------------------------------------

@article{shrank2005focus,
  title={Focus Group Findings about the Influence of Culture on Communication
    Preferences in End-of-Life Care},
  author={Shrank, William H and Kutner, Jean S and Richardson, Terri and
    Mularski, Richard A and Fischer, Stacy and Kagawa-Singer, Marjorie},
  journal={Journal of general internal medicine},
  volume={20},
  number={8},
  pages={703--709},
  year={2005},
  publisher={Wiley Online Library}
}

@article{reinecke2010modeling,
  title={Modeling a user’s culture},
  author={Reinecke, Katharina and Schenkel, Sonja and Bernstein, Abraham},
  journal={Handbook of research on culturally-aware information technology: Perspectives and models, IGI Global, Hershey PA},
  year={2010}
}

@inproceedings{reinecke2013doodle,
  title={Doodle around the world: online scheduling behavior reflects cultural differences in time perception and group decision-making},
  author={Reinecke, Katharina and Nguyen, Minh Khoa and Bernstein, Abraham and N{\"a}f, Michael and Gajos, Krzysztof Z},
  booktitle={Proceedings of the 2013 conference on Computer supported cooperative work},
  pages={45--54},
  year={2013},
  organization={ACM}
}

%                                           Guidelines for multimodal UI Design
%------------------------------------------------------------------------------
@article{di2003sound,
  title={Sound is the interface: From interactive to ecosystemic signal processing},
  author={Di Scipio, Agostino},
  journal={Organised Sound},
  volume={8},
  number={3},
  pages={269--277},
  year={2003},
  publisher={Cambridge Univ Press}
}

@article{reeves2004guidelines,
  title={Guidelines for multimodal user interface design},
  author={Reeves, Leah M and Lai, Jennifer and Larson, James A and Oviatt, Sharon and Balaji, TS and Buisine, St{\'e}phanie and Collings, Penny and Cohen, Phil and Kraal, Ben and Martin, Jean-Claude and others},
  journal={Communications of the ACM},
  volume={47},
  number={1},
  pages={57--59},
  year={2004},
  publisher={ACM}
}

@article{ellis1996design,
  title={Design and evaluation of a high-performance haptic interface},
  author={Ellis, RE and Ismaeil, OM and Lipsett, MG},
  journal={Robotica},
  volume={14},
  number={3},
  pages={321--328},
  year={1996},
  publisher={Cambridge [Cambridgeshire]; New York, NY: Cambridge University Press, c1983-}
}






%------------------------------------------------------------------------------
% SHAZAMM
@inproceedings{wang2003industrial,
  title={An industrial strength audio search algorithm},
  author={Wang, Avery and others},
  booktitle={Proc. Int. Conf. on Music Info. Retrieval ISMIR},
  volume={3},
  year={2003}
}

%------------------------------------------------------------------------------
%
%------------------------------------------------------------------------------

@article{granka2004eye,
  title={Eye-Tracking Analysis of User Behavior in WWW Search},
  author={Granka, Laura A and Joachims, Thorsten and Gay, Geri},
  year={2004}
}
@book{thackara2005bubble,
  title={In the bubble: designing in a complex world},
  author={Thackara, John},
  year={2005},
  publisher={The MIT Press}
}
