%------------------------------------------------
%          Introduction Sources
%-----------------------------------------------
% The study of user notifications
@article{McCrickard2003509,
title = "Introduction: design and evaluation of notification user interfaces ",
journal = "International Journal of Human-Computer Studies ",
volume = "58",
number = "5",
pages = "509 - 514",
year = "2003",
note = "<ce:title>Notification User Interfaces</ce:title> ",
issn = "1071-5819",
doi = "10.1016/S1071-5819(03)00025-9",
url = "http://www.sciencedirect.com/science/article/pii/S1071581903000259",
author = "D.Scott McCrickard and Mary Czerwinski and Lyn Bartram",
keywords = "Notification systems",
keywords = "Empirical studies",
keywords = "Awareness "
}

@article{cutrell2001notification,
  title={Notification, disruption, and memory: Effects of messaging interruptions on memory and performance},
  author={Cutrell, Edward and Czerwinski, Mary and Horvitz, Eric},
  year={2001},
  publisher={Citeseer}
}


@inproceedings{leetiernan2001effective,
  title={Effective notification systems depend on user trust},
  author={LeeTiernan, Scott and Cutrell, Edward and Czerwinski, Mary and Hoffman, Hunter},
  booktitle={Proceedings of Human-Computer Interaction--Interact},
  year={2001}
}

@inproceedings{maltz2000cue,
  title={Cue utilization in a visually demanding task},
  author={Maltz, Masha and Meyer, Joachim},
  booktitle={Proceedings of the Human Factors and Ergonomics Society Annual Meeting},
  volume={44},
  number={1},
  pages={283--283},
  year={2000},
  organization={SAGE Publications}
}

%------------------------------------------------
%   Textbooks on 3D Audio (Introduction)
%------------------------------------------------
@book{yost1987directional,
  title={Directional hearing},
  author={Yost, William A and Gourevitch, George},
  year={1987},
  publisher={springer-Verlag New York}
}

@book{blauert1997spatial,
  title={Spatial hearing: the psychophysics of human sound localization},
  author={Blauert, Jens},
  year={1997},
  publisher={The MIT press}
}


%------------------------------------------------
%   Implementations of Binaural Audio
%------------------------------------------------
@article{schroeder1963computer,
  title={Computer simulation of sound transmission in rooms},
  author={Schroeder, MR and Atal, BS},
  journal={Proceedings of the IEEE},
  volume={51},
  number={3},
  pages={536--537},
  year={1963},
  publisher={IEEE}
}

@article{schroeder1970digital,
  title={Digital simulation of sound transmission in reverberant spaces},
  author={Schroeder, Manfred R},
  journal={The Journal of the Acoustical Society of America},
  volume={47},
  pages={424},
  year={1970}
}

% Microsoft Research | Head Tracking
@inproceedings{song2010personal,
  title={Personal 3D audio system with loudspeakers},
  author={Song, Myung-Suk and Zhang, Cha and Florencio, Dinei and Kang, Hong-Goo},
  booktitle={Multimedia and Expo (ICME), 2010 IEEE International Conference on},
  pages={1600--1605},
  year={2010},
  organization={IEEE}
}


%------------------------------------------------
%
%------------------------------------------------
@book{thackara2005bubble,
  title={In the bubble: designing in a complex world},
  author={Thackara, John},
  year={2005},
  publisher={The MIT Press}
}

@article{ hello,
year={2000},
issn={0949-2054},
journal={Personal Technologies},
volume={4},
number={2-3},
doi={10.1007/BF01324121},
title={Spatial audio in small screen device displays},
url={http://dx.doi.org/10.1007/BF01324121},
publisher={Springer-Verlag},
keywords={3D audio; Delay affordance; Interface design; Usability testing},
author={Walker, Ashely and Brewster, Steven},
pages={144-154},
language={English}
}

@inproceedings{patel2006personalizing,
  title={Personalizing routes},
  author={Patel, Kayur and Chen, Mike Y and Smith, Ian and Landay, James A},
  booktitle={Proceedings of the 19th annual ACM symposium on User interface software and technology},
  pages={187--190},
  year={2006},
  organization={ACM}
}

% This is a comment maybe?
@inproceedings{goose19993dAudio,
  title={A 3D audio only interactive Web browser: using spatialization to convey hypermedia document structure},
  author={Goose, Stuart and M{\"o}ller, Carsten},
  booktitle={Proceedings of the seventh ACM international conference on Multimedia (Part 1)},
  pages={363--371},
  year={1999},
  organization={ACM}
}
@article{yu2006novel,
  title={A novel multimodal interface for improving visually impaired people’s web accessibility},
  author={Yu, Wai and Kuber, Ravi and Murphy, Emma and Strain, Philip and McAllister, Graham},
  journal={Virtual Reality},
  volume={9},
  number={2-3},
  pages={133--148},
  year={2006},
  publisher={Springer}
}

@incollection{marentakis2004study,
  title={A study on gestural interaction with a 3d audio display},
  author={Marentakis, Georgios and Brewster, Stephen A},
  booktitle={Mobile Human-Computer Interaction-MobileHCI 2004},
  pages={180--191},
  year={2004},
  publisher={Springer}
}

@article{gajosbeyond,
  title={Beyond Feature Relevance: Incorporating Rich User Feedback Into Interactive Machine Learning Applications},
  author={Gajos, Krzysztof Z}
}

% HRTF --------Mechanics ---
@inproceedings{brown1997efficient,
  title={An efficient HRTF model for 3-D sound},
  author={Brown, C Phillip and Duda, Richard O},
  booktitle={Applications of Signal Processing to Audio and Acoustics, 1997. 1997 IEEE ASSP Workshop on},
  pages={4--pp},
  year={1997},
  organization={IEEE}
}

@article{gardner1995hrtf,
  title={HRTF measurements of a KEMAR},
  author={Gardner, William G and Martin, Keith D},
  journal={The Journal of the Acoustical Society of America},
  volume={97},
  pages={3907},
  year={1995}
}



% Mental Model
@inproceedings{patel2006effects,
  title={The effects of fully immersive virtual reality on the learning of physical tasks},
  author={Patel, Kayur and Bailenson, Jeremy N and Hack-Jung, Sang and Diankov, Rosen and Bajcsy, Ruzena},
  booktitle={Proceedings of the 9th Annual International Workshop on Presence, Ohio, USA},
  pages={87--94},
  year={2006}
}

@inproceedings{patel2006personalizing,
  title={Personalizing routes},
  author={Patel, Kayur and Chen, Mike Y and Smith, Ian and Landay, James A},
  booktitle={Proceedings of the 19th annual ACM symposium on User interface software and technology},
  pages={187--190},
  year={2006},
  organization={ACM}
}
%HCI

@article{nambu2013estimating,
  title={Estimating the Intended Sound Direction of the User: Toward an Auditory Brain-Computer Interface Using Out-of-Head Sound Localization},
  author={Nambu, Isao and Ebisawa, Masashi and Kogure, Masumi and Yano, Shohei and Hokari, Haruhide and Wada, Yasuhiro},
  journal={PloS one},
  volume={8},
  number={2},
  pages={e57174},
  year={2013},
  publisher={Public Library of Science}
}

@inproceedings{huopaniemi1996hrtf,
  title={HRTF filter design based on auditory criteria},
  author={Huopaniemi, Jyri and Karjalainen, Matti},
  booktitle={Proc. Nordic Acoustical Meeting (NAM’96)},
  pages={323--330},
  year={1996}
}

@techreport{shilling2000virtual,
  title={Virtual auditory displays},
  author={Shilling, Russell D and Shinn-Cunningham, Barbara},
  year={2000},
  institution={DTIC Document}
}

% HRTF ------------------

@inproceedings{zotkin2003hrtf,
  title={HRTF personalization using anthropometric measurements},
  author={Zotkin, DYN and Hwang, Jane and Duraiswaini, R and Davis, Larry S},
  booktitle={Applications of Signal Processing to Audio and Acoustics, 2003 IEEE Workshop on.},
  pages={157--160},
  year={2003},
  organization={Ieee}
}

@inproceedings{algazi2001cipic,
  title={The cipic hrtf database},
  author={Algazi, V Ralph and Duda, Richard O and Thompson, Dennis M and Avendano, Carlos},
  booktitle={Applications of Signal Processing to Audio and Acoustics, 2001 IEEE Workshop on the},
  pages={99--102},
  year={2001},
  organization={IEEE}
}
@inproceedings{jackson2013use,
  title={Use of 3D Head Shape for Personalized Binaural Audio},
  author={Jackson, Philip JB and Desiraju, Naveen},
  booktitle={Audio Engineering Society Conference: 49th International Conference: Audio for Games},
  year={2013}
}

@article{kyriakakis1998fundamental,
  title={Fundamental and technological limitations of immersive audio systems},
  author={Kyriakakis, Chris},
  journal={Proceedings of the IEEE},
  volume={86},
  number={5},
  pages={941--951},
  year={1998},
  publisher={IEEE}
}

@conference{jackson2013use,
		title={Use of 3D Head Shape for Personalized Binaural Audio},
		author={Jackson, Philip J. B.; Desiraju, Naveen},
		booktitle={Audio Engineering Society Conference: 49th International Conference: Audio for Games},
		month={2},
		year={2013},
		url={http://www.aes.org/e-lib/browse.cfm?elib=16661}
		}

@book{gardner19983,
  title={3-D audio using loudspeakers},
  author={Gardner, William G},
  year={1998},
  publisher={Kluwer Academic Pub}
}

@conference{behler2004dynamic,
		title={Dynamic Cross-Talk Cancellation for Binaural Synthesis in Virtual Reality Environments},
		author={Behler, Gottfried; Lentz, Tobias},
		booktitle={Audio Engineering Society Convention 117},
		month={10},
		year={2004},
		url={http://www.aes.org/e-lib/browse.cfm?elib=12972}
		}


@inproceedings{gardner1997head,
  title={Head tracked 3-d audio using loudspeakers},
  author={Gardner, William G},
  booktitle={Applications of Signal Processing to Audio and Acoustics, 1997. 1997 IEEE ASSP Workshop on},
  pages={4--pp},
  year={1997},
  organization={IEEE}
}

% Mental Model
@inproceedings{kulesza2012tell,
  title={Tell me more?: the effects of mental model soundness on personalizing an intelligent agent},
  author={Kulesza, Todd and Stumpf, Simone and Burnett, Margaret and Kwan, Irwin},
  booktitle={Proceedings of the 2012 ACM annual conference on Human Factors in Computing Systems},
  pages={1--10},
  year={2012},
  organization={ACM}
}

%UI -- Disappearing Screen
@article{michelis2008disappearing,
  title={The disappearing screen: scenarios for audible interfaces},
  author={Michelis, Daniel and Resatsch, Florian and Nicolai, Thomas and Schildhauer, Thomas},
  journal={Personal and Ubiquitous Computing},
  volume={12},
  number={1},
  pages={27--33},
  year={2008},
  publisher={Springer}
}


@conference{casey1995vision,
    title={Vision Steered Beam-Forming and Transaural Rendering for the Artificial Life Interactive Video Environment (ALIVE)},
    author={Casey, Michael A.; Gardner, William G.; Basu, Sumit},
    booktitle={Audio Engineering Society Convention 99},
    month={10},
    year={1995},
    url={http://www.aes.org/e-lib/browse.cfm?elib=7714}
    }

@inproceedings{roth2000audio,
  title={Audio-haptic internet browser and associated tools for blind and visually impaired computer users},
  author={Roth, Patrick and Petrucci, Lori Stefano and Assimacopoulos, Andr{\'e} and Pun, Thierry},
  booktitle={Workshop on friendly exchanging through the net},
  pages={22--24},
  year={2000},
  organization={Citeseer}
}

@inproceedings{jost2000transaural,
  title={Transaural 3D Audio With User-Controlled Calibration},
  author={Jost, Adrian and Jot, Jean-Marc},
  booktitle={Proc. Of the COST G-6 Conference on Digital Audio Effects (DAFx-00), Verona, Italy},
  year={2000}
}

@article{michelis2008disappearing,
  title={The disappearing screen: scenarios for audible interfaces},
  author={Michelis, Daniel and Resatsch, Florian and Nicolai, Thomas and Schildhauer, Thomas},
  journal={Personal and Ubiquitous Computing},
  volume={12},
  number={1},
  pages={27--33},
  year={2008},
  publisher={Springer}
}